%% This BibTeX bibliography file was created using BibDesk.
%% https://bibdesk.sourceforge.io/

%% Created for Trenton Shell at 2019-03-14 09:54:43 -0400 


%% Saved with string encoding Unicode (UTF-8) 



@misc{head_2015,
	Author = {Head, Val},
	Date-Added = {2019-03-14 09:52:53 -0400},
	Date-Modified = {2019-03-14 09:52:53 -0400},
	Journal = {A List Apart The Full},
	Month = {Sep},
	Publisher = {A List Apart},
	Title = {Designing Safer Web Animation For Motion Sensitivity},
	Url = {https://alistapart.com/article/designing-safer-web-animation-for-motion-sensitivity},
	Year = {2015},
	Bdsk-Url-1 = {https://alistapart.com/article/designing-safer-web-animation-for-motion-sensitivity}}

@article{gonzalez_1996,
	Author = {Gonzalez, Cleotilde},
	Date-Added = {2019-03-14 09:46:25 -0400},
	Date-Modified = {2019-03-14 09:46:25 -0400},
	Doi = {10.1145/238386.238396},
	Journal = {Proceedings of the SIGCHI conference on Human factors in computing systems common ground - CHI 96},
	Month = {Apr},
	Title = {Does animation in user interfaces improve decision making?},
	Year = {1996},
	Bdsk-Url-1 = {https://doi.org/10.1145/238386.238396}}

@misc{trends,
	Date-Added = {2019-03-14 09:39:25 -0400},
	Date-Modified = {2019-03-14 09:39:25 -0400},
	Publisher = {Google Trends},
	Title = {ui animation},
	Url = {https://trends.google.com/trends/explore?hl=en-US\&tz=240\&date=all\&geo=US\&q=ui animation\&sni=3},
	Bdsk-Url-1 = {https://trends.google.com/trends/explore?hl=en-US\&tz=240\&date=all\&geo=US\&q=ui%20animation\&sni=3}}

@article{bederson_boltman_1999,
	Author = {Bederson, Benjamin B and Boltman, Angela},
	Date-Added = {2019-03-14 09:35:01 -0400},
	Date-Modified = {2019-03-14 09:35:01 -0400},
	Doi = {10.1109/infvis.1999.801854},
	Journal = {Proceedings 1999 IEEE Symposium on Information Visualization (InfoVis'99)},
	Month = {Oct},
	Title = {Does animation help users build mental maps of spatial information?},
	Year = {1999},
	Bdsk-Url-1 = {https://doi.org/10.1109/infvis.1999.801854}}

@misc{beat_2018,
	Author = {{Honolulu Civil Beat}},
	Date-Added = {2019-03-14 08:39:21 -0400},
	Date-Modified = {2019-03-14 08:39:21 -0400},
	Journal = {Twitter},
	Month = {Jan},
	Publisher = {Twitter},
	Title = {This is the screen that set off the ballistic missile alert on Saturday. The operator clicked the PACOM (CDW) State Only link. The drill link is the one that was supposed to be clicked. \#Hawaii pic.twitter.com/lDVnqUmyHa},
	Url = {https://twitter.com/CivilBeat/status/953127542050795520},
	Year = {2018},
	Bdsk-Url-1 = {https://twitter.com/CivilBeat/status/953127542050795520}}

@misc{grauer_2016,
	Author = {Grauer, Yael},
	Date-Added = {2019-03-13 21:31:38 -0400},
	Date-Modified = {2019-03-13 21:31:38 -0400},
	Journal = {Ars Technica},
	Month = {Jul},
	Title = {Dark Patterns are designed to trick you (and they're all over the Web)},
	Url = {https://arstechnica.com/information-technology/2016/07/dark-patterns-are-designed-to-trick-you-and-theyre-all-over-the-web/},
	Year = {2016},
	Bdsk-Url-1 = {https://arstechnica.com/information-technology/2016/07/dark-patterns-are-designed-to-trick-you-and-theyre-all-over-the-web/}}

@misc{porter,
	Author = {Porter, Joshua},
	Date-Added = {2019-03-13 21:30:37 -0400},
	Date-Modified = {2019-03-13 21:30:37 -0400},
	Journal = {Principles of User Interface Design},
	Title = {Principles of User Interface Design},
	Url = {http://bokardo.com/principles-of-user-interface-design/},
	Bdsk-Url-1 = {http://bokardo.com/principles-of-user-interface-design/}}

@misc{confirmshaming,
	Date-Added = {2019-03-13 21:28:58 -0400},
	Date-Modified = {2019-03-13 21:28:58 -0400},
	Journal = {confirmshaming},
	Publisher = {Tumblr},
	Title = {Photo},
	Url = {http://confirmshaming.tumblr.com/image/176927980516},
	Bdsk-Url-1 = {http://confirmshaming.tumblr.com/image/176927980516}}

@misc{vance_2016,
	Author = {Vance, Alyssa},
	Date-Added = {2019-03-13 21:26:59 -0400},
	Date-Modified = {2019-03-13 21:26:59 -0400},
	Journal = {The Rationalist Conspiracy},
	Month = {Apr},
	Title = {Dark Patterns by the Boston Globe},
	Url = {https://rationalconspiracy.com/2016/04/24/dark-patterns-by-the-boston-globe/},
	Year = {2016},
	Bdsk-Url-1 = {https://rationalconspiracy.com/2016/04/24/dark-patterns-by-the-boston-globe/}}

@misc{irving_2018,
	Author = {Irving, Francis},
	Date-Added = {2019-03-13 21:25:19 -0400},
	Date-Modified = {2019-03-13 21:25:19 -0400},
	Journal = {Twitter},
	Month = {May},
	Publisher = {Twitter},
	Title = {Facebook actually put *fake red dots* to try and make you think you have messages even if you don't, so you agree to their tracking more hastily. Read full complaint against Facebook: https://t.co/uI5fYairtK - with tricks like that, sorry Facebook, you deserve to be hit hard. pic.twitter.com/inThjgPoov},
	Url = {https://twitter.com/frabcus/status/1001029934670929920?lang=en},
	Year = {2018},
	Bdsk-Url-1 = {https://twitter.com/frabcus/status/1001029934670929920?lang=en}}

@misc{phillips_2016,
	Author = {Phillips, Owen},
	Date-Added = {2019-03-13 15:52:49 -0400},
	Date-Modified = {2019-03-13 15:52:49 -0400},
	Journal = {The Awl},
	Month = {May},
	Title = {Are You Afraid Of The Dark Patterns?},
	Url = {https://www.theawl.com/2016/05/are-you-afraid-of-the-dark-patterns/},
	Year = {2016},
	Bdsk-Url-1 = {https://www.theawl.com/2016/05/are-you-afraid-of-the-dark-patterns/}}

@misc{popa_2016,
	Author = {Popa, Bogdan},
	Date-Added = {2019-03-13 15:51:48 -0400},
	Date-Modified = {2019-03-13 15:51:48 -0400},
	Journal = {softpedia},
	Month = {Dec},
	Title = {Microsoft Admits It "Went Too Far" with Aggressive Windows 10 Updates},
	Url = {https://news.softpedia.com/news/microsoft-admits-it-went-too-far-with-aggressive-windows-10-updates-511245.shtml},
	Year = {2016},
	Bdsk-Url-1 = {https://news.softpedia.com/news/microsoft-admits-it-went-too-far-with-aggressive-windows-10-updates-511245.shtml}}

@misc{thurrott_2016,
	Author = {Thurrott, Paul},
	Date-Added = {2019-03-13 15:50:40 -0400},
	Date-Modified = {2019-03-13 15:50:40 -0400},
	Journal = {Thurrott.com},
	Month = {May},
	Title = {Upgradegate: Microsoft's Upgrade Deceptions Are Undermining Windows 10 (Updated)},
	Url = {https://www.thurrott.com/windows/windows-10/67367/upgradegate-microsofts-upgrade-deceptions- undermining-windows-10},
	Year = {2016},
	Bdsk-Url-1 = {https://www.thurrott.com/windows/windows-10/67367/upgradegate-microsofts-upgrade-deceptions-%20undermining-windows-10}}

@misc{loranger_2014,
	Author = {Loranger, Hoa},
	Date-Added = {2019-03-13 15:48:13 -0400},
	Date-Modified = {2019-03-13 15:48:13 -0400},
	Journal = {Nielsen Norman Group},
	Month = {Feb},
	Title = {Infinite Scrolling is Not for Every Website},
	Url = {https://www.nngroup.com/articles/infinite-scrolling/},
	Year = {2014},
	Bdsk-Url-1 = {https://www.nngroup.com/articles/infinite-scrolling/}}

@misc{moses_2017,
	Author = {Moses, Lucia},
	Date-Added = {2019-03-13 15:46:59 -0400},
	Date-Modified = {2019-03-13 15:46:59 -0400},
	Journal = {Digiday},
	Month = {Oct},
	Title = {The rise (and fall) of autoplay video, in 5 charts},
	Url = {https://digiday.com/media/state-of-autoplay-video/},
	Year = {2017},
	Bdsk-Url-1 = {https://digiday.com/media/state-of-autoplay-video/}}

@misc{punkchip,
	Date-Added = {2019-03-13 15:45:54 -0400},
	Date-Modified = {2019-03-13 15:45:54 -0400},
	Journal = {Punkchip},
	Title = {Autoplay is bad for all users},
	Url = {http://www.punkchip.com/autoplay-is-bad-for-all-users/},
	Bdsk-Url-1 = {http://www.punkchip.com/autoplay-is-bad-for-all-users/}}

@misc{leslie_2016,
	Author = {Leslie, Ian},
	Date-Added = {2019-03-13 15:44:18 -0400},
	Date-Modified = {2019-03-13 15:44:18 -0400},
	Journal = {1843},
	Month = {Oct},
	Publisher = {The Economist},
	Title = {The scientists who make apps addictive},
	Url = {https://www.1843magazine.com/features/the-scientists-who-make-apps-addictive},
	Year = {2016},
	Bdsk-Url-1 = {https://www.1843magazine.com/features/the-scientists-who-make-apps-addictive}}

@misc{office_2010,
	Date-Added = {2019-03-13 15:40:58 -0400},
	Date-Modified = {2019-03-13 15:40:58 -0400},
	Journal = {United States Patent and Trademark Office},
	Month = {Aug},
	Title = {United States Patent Application: 0100199180},
	Url = {http://appft.uspto.gov/netacgi/nph-Parser?Sect1=PTO2\&Sect2=HITOFF\&u=/netahtml/PTO/search-adv.html\&r=1\&f=G\&l=50\&d=PG01\&p=1\&S1=20100199180.PGNR.\&OS=dn/20100199180\&RS=DN/20100199180},
	Year = {2010},
	Bdsk-Url-1 = {http://appft.uspto.gov/netacgi/nph-Parser?Sect1=PTO2\&Sect2=HITOFF\&u=/netahtml/PTO/search-adv.html\&r=1\&f=G\&l=50\&d=PG01\&p=1\&S1=20100199180.PGNR.\&OS=dn/20100199180\&RS=DN/20100199180}}

@misc{winkelman_2018,
	Author = {Winkelman, Steven},
	Date-Added = {2019-03-13 15:37:03 -0400},
	Date-Modified = {2019-03-13 15:37:03 -0400},
	Journal = {Digital Trends},
	Month = {Sep},
	Title = {iPhone notifications are no longer a nuisance with iOS 12},
	Url = {https://www.digitaltrends.com/mobile/ios-12-notifications-update/},
	Year = {2018},
	Bdsk-Url-1 = {https://www.digitaltrends.com/mobile/ios-12-notifications-update/}}

@misc{pew_2018,
	Date-Added = {2019-03-13 15:33:33 -0400},
	Date-Modified = {2019-03-13 15:33:33 -0400},
	Journal = {Pew Research Center: Internet, Science \& Tech},
	Month = {Feb},
	Publisher = {Pew Research Center: Internet, Science \& Tech},
	Title = {Demographics of Mobile Device Ownership and Adoption in the United States},
	Url = {http://www.pewinternet.org/fact-sheet/mobile/},
	Year = {2018},
	Bdsk-Url-1 = {http://www.pewinternet.org/fact-sheet/mobile/}}

@book{cooper_reimann_cronin_2014,
	Author = {Cooper, Alan and Reimann, Robert and Cronin, Dave},
	Date-Added = {2019-03-13 15:31:28 -0400},
	Date-Modified = {2019-03-13 15:31:28 -0400},
	Edition = {4},
	Place = {Indianapolis, IN},
	Publisher = {John Wiley and Sons},
	Title = {About Face: The Essentials of Interaction Design},
	Year = {2014}}

@misc{merriam-webster,
	Date-Added = {2019-03-13 15:28:43 -0400},
	Date-Modified = {2019-03-13 15:28:43 -0400},
	Journal = {Merriam-Webster},
	Publisher = {Merriam-Webster},
	Title = {Service},
	Url = {https://www.merriam-webster.com/dictionary/service},
	Bdsk-Url-1 = {https://www.merriam-webster.com/dictionary/service}}

@misc{arango_2018,
	Author = {Arango, Jorge},
	Date-Added = {2019-03-13 15:27:38 -0400},
	Date-Modified = {2019-03-13 15:27:38 -0400},
	Journal = {UX Magazine},
	Month = {Aug},
	Title = {Living in Information, Responsible Design for Digital Places: a Book Excerpt},
	Url = {http://uxmag.com/articles/living-in-information-responsible-design-for-digital-places-a-book-excerpt},
	Year = {2018},
	Bdsk-Url-1 = {http://uxmag.com/articles/living-in-information-responsible-design-for-digital-places-a-book-excerpt}}

@misc{marvin_2018,
	Author = {Marvin, Rob},
	Date-Added = {2019-03-13 15:26:01 -0400},
	Date-Modified = {2019-03-13 15:26:01 -0400},
	Journal = {PCMag},
	Month = {Jun},
	Title = {Tech Addiction By the Numbers: How Much Time We Spend Online},
	Url = {https://www.pcmag.com/article/361587/tech-addiction-by-the-numbers-how-much-time-we-spend-online},
	Year = {2018},
	Bdsk-Url-1 = {https://www.pcmag.com/article/361587/tech-addiction-by-the-numbers-how-much-time-we-spend-online}}

@misc{anderson_2011,
	Author = {Anderson, Stephen P},
	Date-Added = {2019-03-13 15:23:31 -0400},
	Date-Modified = {2019-03-13 15:23:31 -0400},
	Journal = {UX Magazine},
	Month = {Dec},
	Title = {Towards an Ethics of Persuasion},
	Url = {http://uxmag.com/articles/towards-an-ethics-of-persuasion?page=43},
	Year = {2011},
	Bdsk-Url-1 = {http://uxmag.com/articles/towards-an-ethics-of-persuasion?page=43}}

@book{krug_2014,
	Author = {Krug, Steve},
	Date-Added = {2019-03-13 15:21:02 -0400},
	Date-Modified = {2019-03-13 15:21:02 -0400},
	Place = {Berkeley, CA},
	Publisher = {New Riders Pub.},
	Title = {Don't Make Me Think, Revisited: A Common Sense Approach to Web Usability},
	Year = {2014}}

@book{nodder_2013,
	Author = {Nodder, Chris},
	Date-Added = {2019-03-13 15:19:23 -0400},
	Date-Modified = {2019-03-13 15:19:23 -0400},
	Place = {Indianapolis, IN},
	Publisher = {Wiley},
	Title = {Evil by Design: Interaction Design to Lead Us into Temptation},
	Year = {2013}}

@book{norman_2013,
	Author = {Norman, Donald A.},
	Date-Added = {2019-03-13 15:17:55 -0400},
	Date-Modified = {2019-03-13 15:17:55 -0400},
	Place = {New York},
	Publisher = {Basic Books},
	Title = {The Design of Everyday Things},
	Year = {2013}}

@misc{anderson_perrin_jiang_2018,
	Author = {Anderson, Monica and Perrin, Andrew and Jiang, Jingjing},
	Date-Added = {2019-03-13 15:11:16 -0400},
	Date-Modified = {2019-03-13 15:11:16 -0400},
	Journal = {Pew Research Center},
	Month = {Mar},
	Publisher = {Pew Research Center},
	Title = {11% of Americans don't use the internet. Who are they?},
	Url = {http://www.pewresearch.org/fact-tank/2018/03/05/some-americans-dont-use-the-internet-who-are-they/},
	Year = {2018},
	Bdsk-Url-1 = {http://www.pewresearch.org/fact-tank/2018/03/05/some-americans-dont-use-the-internet-who-are-they/}}

@misc{andreessen_2018,
	Author = {Andreessen, Marc},
	Date-Added = {2019-03-13 15:03:13 -0400},
	Date-Modified = {2019-03-13 15:03:13 -0400},
	Journal = {Andreessen Horowitz},
	Month = {Dec},
	Title = {Why Software Is Eating the World},
	Url = {https://a16z.com/2011/08/20/why-software-is-eating-the-world/},
	Year = {2018},
	Bdsk-Url-1 = {https://a16z.com/2011/08/20/why-software-is-eating-the-world/}}
